% !TEX root = praca.tex

@Online{IoReg,
title = {The io-region package},
author = {Yuras Shumovich},
year = {2015},
url = "https://hackage.haskell.org/package/io-region"
}

@inproceedings{Reader,
 author = {Jones, Mark P.},
 title = {Functional Programming with Overloading and Higher-Order Polymorphism},
 booktitle = {Advanced Functional Programming, First International Spring School on Advanced Functional Programming Techniques-Tutorial Text},
 year = {1995},
 isbn = {3-540-59451-5},
 pages = {97--136},
 numpages = {40},
 url = {http://dl.acm.org/citation.cfm?id=647698.734150},
 acmid = {734150},
 publisher = {Springer-Verlag},
 address = {London, UK, UK},
} 

@inproceedings{Transformers,
 author = {Liang, Sheng and Hudak, Paul and Jones, Mark},
 title = {Monad Transformers and Modular Interpreters},
 booktitle = {Proceedings of the 22Nd ACM SIGPLAN-SIGACT Symposium on Principles of Programming Languages},
 series = {POPL '95},
 year = {1995},
 isbn = {0-89791-692-1},
 location = {San Francisco, California, USA},
 pages = {333--343},
 numpages = {11},
 url = {http://doi.acm.org/10.1145/199448.199528},
 doi = {10.1145/199448.199528},
 acmid = {199528},
 publisher = {ACM},
 address = {New York, NY, USA},
} 

@inproceedings{HM,
 author = {Damas, Luis and Milner, Robin},
 title = {Principal Type-schemes for Functional Programs},
 booktitle = {Proceedings of the 9th ACM SIGPLAN-SIGACT Symposium on Principles of Programming Languages},
 series = {POPL '82},
 year = {1982},
 isbn = {0-89791-065-6},
 location = {Albuquerque, New Mexico},
 pages = {207--212},
 numpages = {6},
 url = {http://doi.acm.org/10.1145/582153.582176},
 doi = {10.1145/582153.582176},
 acmid = {582176},
 publisher = {ACM},
 address = {New York, NY, USA},
} 

@inproceedings{TC,
 author = {Wadler, P. and Blott, S.},
 title = {How to Make Ad-hoc Polymorphism Less Ad Hoc},
 booktitle = {Proceedings of the 16th ACM SIGPLAN-SIGACT Symposium on Principles of Programming Languages},
 series = {POPL '89},
 year = {1989},
 isbn = {0-89791-294-2},
 location = {Austin, Texas, USA},
 pages = {60--76},
 numpages = {17},
 url = {http://doi.acm.org/10.1145/75277.75283},
 doi = {10.1145/75277.75283},
 acmid = {75283},
 publisher = {ACM},
 address = {New York, NY, USA},
} 

@Article{Report,
 author = {Simon Marlow},
 title = {Haskell 2010 Language Report},
 year = {2010},
 url = {https://www.haskell.org/definition/haskell2010.pdf}
} 

@Online{Conf,
title = {The configurator package},
author = {Bryan O'Sullivan},
year = {2014},
url = "https://hackage.haskell.org/package/configurator"
}